@article{antunano2018infrared,
  title={Infrared characterization of Jupiter's equatorial disturbance cycle},
  author={Antu{\~n}ano, Arrate and Fletcher, Leigh N and Orton, Glenn S and Melin, Henrik and Rogers, John H and Harrington, Joseph and Donnelly, Padraig T and Rowe-Gurney, Naomi and Blake, James SD},
  journal={Geophysical Research Letters},
  volume={45},
  number={20},
  pages={10--987},
  year={2018},
  publisher={Wiley Online Library}
}

@INPROCEEDINGS{2022DPS....5420501D,
       author = {{Dahl}, Emma and {Orton}, Glenn and {Chanover}, Nancy and {Baines}, Kevin and {Carlson}, Robert and {Braude}, Ashwin and {Sinclair}, James and {Voelz}, David and {Wijerathna}, Erandi and {Irwin}, Patrick},
        title = "{An Investigation of the Structure, Color, and Potential Formation Mechanisms of Jupiter's 2018-2022 Equatorial Zone Disturbance}",
    booktitle = {AAS/Division for Planetary Sciences Meeting Abstracts},
         year = 2022,
       series = {AAS/Division for Planetary Sciences Meeting Abstracts},
       volume = {54},
        month = dec,
          eid = {205.01},
        pages = {205.01},
       adsurl = {https://ui.adsabs.harvard.edu/abs/2022DPS....5420501D},
      adsnote = {Provided by the SAO/NASA Astrophysics Data System}
}

@article{antunano2020characterizing,
  title={Characterizing temperature and aerosol variability during Jupiter's 2006--2007 Equatorial Zone disturbance},
  author={Antu{\~n}ano, Arrate and Fletcher, Leigh N and Orton, Glenn S and Toledo, Daniel and Melin, Henrik and Roman, Michael T and Sinclair, James A and Donnelly, Padraig T and Morton, Eleanor K and Selves, Peter},
  journal={Journal of Geophysical Research: Planets},
  volume={125},
  number={10},
  pages={e2020JE006413},
  year={2020},
  publisher={Wiley Online Library}
}

@ARTICLE{1994JGR....99.8425S,
       author = {{Satoh}, T. and {Kawabata}, K.},
        title = "{A change of upper cloud structure in Jupiter's South Equatorial Belt during the 1989-1992 event}",
      journal = {\jgr},
     keywords = {Cloud Cover, Jupiter Atmosphere, Limb Darkening, Ammonia, Atmospheric Models, Error Analysis, Infrared Spectra, Methane, Near Infrared Radiation, Reflectance, JUPITER, EQUATORIAL REGION, CLOUDS, STRUCTURE, LIMB DARKENING, AEROSOL, MODEL, LAYERING, ALTITUDE, AMMONIA, OPTICAL PROPERTIES, ALBEDO, VAPOR, BRIGHTNESS, CONDENSATION, ATMOSPHERE, ABUNDANCE, TROPOSPHERE, PROCEDURE, TEMPERATURE, EARTH-BASED OBSERVATIONS, GEOMETRY, REFLECTIVITY, COMPARISON, ANALYSIS, PARAMETERS, POSITION (LOCATION), DEPTH, HYPOTHESES, Planetology: Fluid Planets: Atmospheres-composition and chemistry},
         year = 1994,
        month = apr,
       volume = {99},
       number = {E4},
        pages = {8425-8440},
          doi = {10.1029/94JE00215},
       adsurl = {https://ui.adsabs.harvard.edu/abs/1994JGR....99.8425S},
      adsnote = {Provided by the SAO/NASA Astrophysics Data System}
}

@ARTICLE{1988Icar...76..533S,
       author = {{Sanchez-Lavega}, A. and {Quesada}, J.~A.},
        title = "{Ground-based imaging of Jovian cloud morphologies and motions  II. The northern hemisphere from 1975 to 1985}",
      journal = {\icarus},
     keywords = {Cloud Cover, Jupiter Atmosphere, Planetary Meteorology, Albedo, Astronomical Photography},
         year = 1988,
        month = dec,
       volume = {76},
       number = {3},
        pages = {533-557},
          doi = {10.1016/0019-1035(88)90020-6},
       adsurl = {https://ui.adsabs.harvard.edu/abs/1988Icar...76..533S},
      adsnote = {Provided by the SAO/NASA Astrophysics Data System}
}

@ARTICLE{2017JBAA..127..264R,
       author = {{Rogers}, J.~H.},
        title = "{Jupiter's South Equatorial Belt cycle in 2009-2011: II. The SEB Revival}",
      journal = {Journal of the British Astronomical Association},
     keywords = {Astrophysics - Earth and Planetary Astrophysics},
         year = 2017,
        month = oct,
       volume = {127},
        pages = {264-280},
          doi = {10.48550/arXiv.1707.03356},
archivePrefix = {arXiv},
       eprint = {1707.03356},
 primaryClass = {astro-ph.EP},
       adsurl = {https://ui.adsabs.harvard.edu/abs/2017JBAA..127..264R},
      adsnote = {Provided by the SAO/NASA Astrophysics Data System}
}

@ARTICLE{1994JBAA..104..167R,
       author = {{Rogers}, J.~H. and {Foulkes}, M.},
        title = "{Jupiter in 1991-92}",
      journal = {Journal of the British Astronomical Association},
     keywords = {JUPITER},
         year = 1994,
        month = aug,
       volume = {104},
        pages = {167-178},
       adsurl = {https://ui.adsabs.harvard.edu/abs/1994JBAA..104..167R},
      adsnote = {Provided by the SAO/NASA Astrophysics Data System}
}

@ARTICLE{1994JGR....99.8425S,
       author = {{Satoh}, T. and {Kawabata}, K.},
        title = "{A change of upper cloud structure in Jupiter's South Equatorial Belt during the 1989-1992 event}",
      journal = {\jgr},
     keywords = {Cloud Cover, Jupiter Atmosphere, Limb Darkening, Ammonia, Atmospheric Models, Error Analysis, Infrared Spectra, Methane, Near Infrared Radiation, Reflectance, JUPITER, EQUATORIAL REGION, CLOUDS, STRUCTURE, LIMB DARKENING, AEROSOL, MODEL, LAYERING, ALTITUDE, AMMONIA, OPTICAL PROPERTIES, ALBEDO, VAPOR, BRIGHTNESS, CONDENSATION, ATMOSPHERE, ABUNDANCE, TROPOSPHERE, PROCEDURE, TEMPERATURE, EARTH-BASED OBSERVATIONS, GEOMETRY, REFLECTIVITY, COMPARISON, ANALYSIS, PARAMETERS, POSITION (LOCATION), DEPTH, HYPOTHESES, Planetology: Fluid Planets: Atmospheres-composition and chemistry},
         year = 1994,
        month = apr,
       volume = {99},
       number = {E4},
        pages = {8425-8440},
          doi = {10.1029/94JE00215},
       adsurl = {https://ui.adsabs.harvard.edu/abs/1994JGR....99.8425S},
      adsnote = {Provided by the SAO/NASA Astrophysics Data System}
}

@article{allison1990planetary,
  title={Planetary waves in Jupiter's equatorial atmosphere},
  author={Allison, Michael},
  journal={Icarus},
  volume={83},
  number={2},
  pages={282--307},
  year={1990},
  publisher={Elsevier}
}

@INPROCEEDINGS{2023DPS....5532605D,
       author = {{Dahl}, Emma and {Orton}, Glenn and {Chanover}, Nancy and {Baines}, Kevin and {Carlson}, Robert and {Braude}, Ashwin and {Sinclair}, James and {Momary}, Thomas and {Voelz}, David and {Alexander}, Charlotte and {Irwin}, Patrick},
        title = "{Analysis of Jupiter's Disturbed Equatorial Zone from APO/NAIC and IRTF/SpeX}",
    booktitle = {AAS/Division for Planetary Sciences Meeting Abstracts},
         year = 2023,
       series = {AAS/Division for Planetary Sciences Meeting Abstracts},
       volume = {55},
        month = oct,
          eid = {326.05},
        pages = {326.05},
       adsurl = {https://ui.adsabs.harvard.edu/abs/2023DPS....5532605D},
      adsnote = {Provided by the SAO/NASA Astrophysics Data System}
}

@INPROCEEDINGS{2022EPSC...16..324A,
       author = {{Anguiano-Arteaga}, Asier and {P{\'e}rez-Hoyos}, Santiago and {S{\'a}nchez-Lavega}, Agust{\'\i}n},
        title = "{Formation and structure of hazes over Jupiter's Great Red Spot}",
    booktitle = {European Planetary Science Congress},
         year = 2022,
        month = sep,
          eid = {EPSC2022-324},
        pages = {EPSC2022-324},
          doi = {10.5194/epsc2022-324},
       adsurl = {https://ui.adsabs.harvard.edu/abs/2022EPSC...16..324A},
      adsnote = {Provided by the SAO/NASA Astrophysics Data System}
}

@INPROCEEDINGS{2021DPS....5311204O,
       author = {{Orton}, Glenn and {Momary}, Thomas and {Dahl}, Emma and {Stephens}, Andrew and {Baines}, Kevin and {Rogers}, John and {McKee}, Richard and {Yan}, Jonathan and {Brueshaber}, Shawn and {Simon}, Amy and {Wong}, Michael H. and {Hansen}, Candice and {Antunano}, Arrate and {Fletcher}, Leigh N.},
        title = "{The Evolution of an Upper-Atmospheric Haze During a Coloration Episode in Jupiter's Equatorial Zone from Near-Infrared Observations, 2017-2021}",
    booktitle = {AAS/Division for Planetary Sciences Meeting Abstracts},
         year = 2021,
       series = {AAS/Division for Planetary Sciences Meeting Abstracts},
       volume = {53},
        month = oct,
          eid = {112.04},
        pages = {112.04},
       adsurl = {https://ui.adsabs.harvard.edu/abs/2021DPS....5311204O},
      adsnote = {Provided by the SAO/NASA Astrophysics Data System}
}

@INPROCEEDINGS{2022EPSC...16.1103A,
       author = {{Antunano}, Arrate and {Fletcher}, Leigh N. and {Orton}, Glenn S. and {Melin}, Henrik and {Donnelly}, Padraig T. and {Roman}, Michael T. and {Sinclair}, James A. and {Kasaba}, Yasumasa and {Momary}, Thomas and {Fujiyoshi}, Takuya},
        title = "{Jupiter's Equatorial Atmosphere Observations}",
    booktitle = {European Planetary Science Congress},
         year = 2022,
        month = sep,
          eid = {EPSC2022-1103},
        pages = {EPSC2022-1103},
          doi = {10.5194/epsc2022-1103},
       adsurl = {https://ui.adsabs.harvard.edu/abs/2022EPSC...16.1103A},
      adsnote = {Provided by the SAO/NASA Astrophysics Data System}
}

@ARTICLE{2022JBAA..132...31M,
       author = {{McKim}, R.},
        title = "{Jupiter in 1949 and the Revival of the South Equatorial Belt}",
      journal = {Journal of the British Astronomical Association},
         year = 2022,
        month = feb,
       volume = {132},
        pages = {31-47},
       adsurl = {https://ui.adsabs.harvard.edu/abs/2022JBAA..132...31M},
      adsnote = {Provided by the SAO/NASA Astrophysics Data System}
}

@article{orton2019juno,
  title={Juno and Juno-supporting observations of Jupiterâ€™s 2018-2019 equatorial zone disturbance},
  author={Orton, Glenn and Antu{\~n}ano, Arrate and Fletcher, Leigh and Sinclair, James and Momary, Thomas and Chowdhury, Nahid and Melin, Henrik and Stallard, Thomas and Rathbun, Julie and Bjoraker, Gordon and others},
  journal={EPSC Abstracts},
  year={2019}
}

@INPROCEEDINGS{2023DPS....5532605D,
       author = {{Dahl}, Emma and {Orton}, Glenn and {Chanover}, Nancy and {Baines}, Kevin and {Carlson}, Robert and {Braude}, Ashwin and {Sinclair}, James and {Momary}, Thomas and {Voelz}, David and {Alexander}, Charlotte and {Irwin}, Patrick},
        title = "{Analysis of Jupiter's Disturbed Equatorial Zone from APO/NAIC and IRTF/SpeX}",
    booktitle = {AAS/Division for Planetary Sciences Meeting Abstracts \#55},
         year = 2023,
       series = {AAS/Division for Planetary Sciences Meeting Abstracts},
       volume = {55},
        month = oct,
          eid = {326.05},
        pages = {326.05},
       adsurl = {https://ui.adsabs.harvard.edu/abs/2023DPS....5532605D},
      adsnote = {Provided by the SAO/NASA Astrophysics Data System}
}
